[gd_resource type="VisualShader" load_steps=17 format=3 uid="uid://dsuq6fr7kmnyx"]

[sub_resource type="VisualShaderNodeFloatOp" id="VisualShaderNodeFloatOp_go2ma"]
default_input_values = [0, 0.0, 1, 1.0]
expanded_output_ports = []
operator = 2

[sub_resource type="VisualShaderNodeInput" id="VisualShaderNodeInput_f112o"]
default_input_values = []
expanded_output_ports = []
input_name = "color"

[sub_resource type="VisualShaderNodeUniformRef" id="VisualShaderNodeUniformRef_7h8nt"]
default_input_values = []
expanded_output_ports = []
uniform_name = "terrain"
uniform_type = 6

[sub_resource type="VisualShaderNodeTexture" id="VisualShaderNodeTexture_ri5cf"]
default_input_values = []
expanded_output_ports = []
source = 5

[sub_resource type="VisualShaderNodeVectorDecompose" id="VisualShaderNodeVectorDecompose_bc7dn"]
default_input_values = [0, Vector3(0, 0, 0)]
expanded_output_ports = []

[sub_resource type="VisualShaderNodeTextureUniform" id="VisualShaderNodeTextureUniform_q7csy"]
default_input_values = []
expanded_output_ports = []
uniform_name = "masks"

[sub_resource type="VisualShaderNodeTextureUniform" id="VisualShaderNodeTextureUniform_v8v4u"]
default_input_values = []
expanded_output_ports = []
uniform_name = "base"

[sub_resource type="VisualShaderNodeFloatFunc" id="VisualShaderNodeFloatFunc_cwmsa"]
default_input_values = [0, 0.0]
expanded_output_ports = []
function = 15

[sub_resource type="VisualShaderNodeTextureUniform" id="VisualShaderNodeTextureUniform_xxhdm"]
default_input_values = []
expanded_output_ports = []
uniform_name = "terrain"
texture_type = 1
color_default = 1

[sub_resource type="VisualShaderNodeVectorCompose" id="VisualShaderNodeVectorCompose_4nexo"]
default_input_values = [0, 0.0, 1, 0.0, 2, 0.0]
expanded_output_ports = []

[sub_resource type="VisualShaderNodeInput" id="VisualShaderNodeInput_jprag"]
default_input_values = []
expanded_output_ports = []
input_name = "vertex"

[sub_resource type="VisualShaderNodeVectorDecompose" id="VisualShaderNodeVectorDecompose_3nbt3"]
default_input_values = [0, Vector3(0, 0, 0)]
expanded_output_ports = []

[sub_resource type="VisualShaderNodeVectorDecompose" id="VisualShaderNodeVectorDecompose_an514"]
default_input_values = [0, Vector3(0, 0, 0)]
expanded_output_ports = []

[sub_resource type="VisualShaderNodeFloatOp" id="VisualShaderNodeFloatOp_3i8nv"]
default_input_values = [0, 0.0, 1, 0.0]
expanded_output_ports = []
operator = 2

[sub_resource type="VisualShaderNodeFloatOp" id="VisualShaderNodeFloatOp_kwohr"]
default_input_values = [0, 0.0, 1, 0.5]
expanded_output_ports = []
operator = 1

[sub_resource type="VisualShaderNodeFloatUniform" id="VisualShaderNodeFloatUniform_d6lhi"]
default_input_values = []
expanded_output_ports = []
uniform_name = "Scale"
default_value_enabled = true
default_value = 1.0

[resource]
code = "shader_type spatial;
uniform sampler2D terrain : hint_black_albedo;
uniform float Scale = 1;
uniform sampler2D base;



void vertex() {
// Input:2
	vec3 n_out2p0 = VERTEX;


// VectorDecompose:3
	float n_out3p0 = n_out2p0.x;
	float n_out3p1 = n_out2p0.y;
	float n_out3p2 = n_out2p0.z;


	vec3 n_out11p0;
	float n_out11p1;
// TextureUniform:11
	{
		vec4 n_tex_read = texture(terrain, UV.xy);
		n_out11p0 = n_tex_read.rgb;
		n_out11p1 = n_tex_read.a;
	}


// VectorDecompose:6
	float n_out6p0 = n_out11p0.x;
	float n_out6p1 = n_out11p0.y;
	float n_out6p2 = n_out11p0.z;


// FloatOp:8
	float n_in8p1 = 0.50000;
	float n_out8p0 = n_out6p1 - n_in8p1;


// FloatUniform:9
	float n_out9p0 = Scale;


// FloatOp:7
	float n_out7p0 = n_out8p0 * n_out9p0;


// VectorCompose:12
	vec3 n_out12p0 = vec3(n_out3p0, n_out7p0, n_out3p2);


// Output:0
	VERTEX = n_out12p0;
	COLOR.rgb = n_out11p0;


}

void fragment() {
	vec3 n_out7p0;
	float n_out7p1;
// TextureUniform:7
	{
		vec4 n_tex_read = texture(base, UV.xy);
		n_out7p0 = n_tex_read.rgb;
		n_out7p1 = n_tex_read.a;
	}


// Output:0
	ALBEDO = n_out7p0;


}
"
graph_offset = Vector2(-117.806, 80.7688)
engine_version = {
"major": 4,
"minor": 0
}
nodes/vertex/2/node = SubResource( "VisualShaderNodeInput_jprag" )
nodes/vertex/2/position = Vector2(-420, 200)
nodes/vertex/3/node = SubResource( "VisualShaderNodeVectorDecompose_3nbt3" )
nodes/vertex/3/position = Vector2(-200, 200)
nodes/vertex/6/node = SubResource( "VisualShaderNodeVectorDecompose_an514" )
nodes/vertex/6/position = Vector2(-780, 420)
nodes/vertex/7/node = SubResource( "VisualShaderNodeFloatOp_3i8nv" )
nodes/vertex/7/position = Vector2(-220, 340)
nodes/vertex/8/node = SubResource( "VisualShaderNodeFloatOp_kwohr" )
nodes/vertex/8/position = Vector2(-540, 360)
nodes/vertex/9/node = SubResource( "VisualShaderNodeFloatUniform_d6lhi" )
nodes/vertex/9/position = Vector2(-720, 560)
nodes/vertex/11/node = SubResource( "VisualShaderNodeTextureUniform_xxhdm" )
nodes/vertex/11/position = Vector2(-1060, 180)
nodes/vertex/12/node = SubResource( "VisualShaderNodeVectorCompose_4nexo" )
nodes/vertex/12/position = Vector2(160, 240)
nodes/vertex/connections = PackedInt32Array(2, 0, 3, 0, 6, 1, 8, 0, 8, 0, 7, 0, 9, 0, 7, 1, 2, 0, 3, 0, 6, 1, 8, 0, 8, 0, 7, 0, 9, 0, 7, 1, 2, 0, 3, 0, 6, 1, 8, 0, 8, 0, 7, 0, 9, 0, 7, 1, 2, 0, 3, 0, 6, 1, 8, 0, 8, 0, 7, 0, 9, 0, 7, 1, 2, 0, 3, 0, 6, 1, 8, 0, 8, 0, 7, 0, 9, 0, 7, 1, 2, 0, 3, 0, 6, 1, 8, 0, 8, 0, 7, 0, 9, 0, 7, 1, 2, 0, 3, 0, 6, 1, 8, 0, 8, 0, 7, 0, 9, 0, 7, 1, 2, 0, 3, 0, 6, 1, 8, 0, 8, 0, 7, 0, 9, 0, 7, 1, 12, 0, 0, 0, 3, 0, 12, 0, 3, 2, 12, 2, 7, 0, 12, 1, 11, 0, 6, 0, 11, 0, 0, 6)
nodes/fragment/0/position = Vector2(760, 100)
nodes/fragment/2/node = SubResource( "VisualShaderNodeInput_f112o" )
nodes/fragment/2/position = Vector2(160, 160)
nodes/fragment/3/node = SubResource( "VisualShaderNodeUniformRef_7h8nt" )
nodes/fragment/3/position = Vector2(-660, 580)
nodes/fragment/4/node = SubResource( "VisualShaderNodeTexture_ri5cf" )
nodes/fragment/4/position = Vector2(-440, 420)
nodes/fragment/5/node = SubResource( "VisualShaderNodeVectorDecompose_bc7dn" )
nodes/fragment/5/position = Vector2(-440, 180)
nodes/fragment/6/node = SubResource( "VisualShaderNodeTextureUniform_q7csy" )
nodes/fragment/6/position = Vector2(-720, 260)
nodes/fragment/7/node = SubResource( "VisualShaderNodeTextureUniform_v8v4u" )
nodes/fragment/7/position = Vector2(-720, -20)
nodes/fragment/9/node = SubResource( "VisualShaderNodeFloatFunc_cwmsa" )
nodes/fragment/9/position = Vector2(354.187, 291.466)
nodes/fragment/10/node = SubResource( "VisualShaderNodeFloatOp_go2ma" )
nodes/fragment/10/position = Vector2(148.399, 373.204)
nodes/fragment/connections = PackedInt32Array(6, 0, 5, 0, 3, 0, 4, 2, 7, 0, 0, 0, 10, 0, 9, 0, 7, 0, 10, 0)
